@misc{GamGye,
      title={Noncommutative projective partial resolutions and quiver varieties}, 
      author={Søren Gammelgaard and Ádám Gyenge},
      year={2024},
      eprint={2406.00709},
      archivePrefix={arXiv},
      primaryClass={math.AG}
}

@Article{Itotrihedral,
	Author = {Ito, Yukari},
	Title = {Crepant resolution of trihedral singularities},
	FJournal = {Proceedings of the Japan Academy. Series A},
	Journal = {Proc. Japan Acad., Ser. A},
	ISSN = {0386-2194},
	Volume = {70},
	Number = {5},
	Pages = {131--136},
	Year = {1994},
	Language = {English},
	DOI = {10.3792/pjaa.70.131},
	Keywords = {14E15,14M17,14M07},
	zbMATH = {701467},
	Zbl = {0831.14006}
}
@Article{Bridgeland,
	Author = {Bridgeland, Tom},
	Title = {Flops and derived categories.},
	FJournal = {Inventiones Mathematicae},
	Journal = {Invent. Math.},
	ISSN = {0020-9910},
	Volume = {147},
	Number = {3},
	Pages = {613--632},
	Year = {2002},
	Language = {English},
	DOI = {10.1007/s002220100185},
	Keywords = {14E30,18E30,14F05,14J30,14J32},
	zbMATH = {1777234},
	Zbl = {1085.14017}
}
@Article{KV,
	Author = {Kapranov, M. and Vasserot, E.},
	Title = {Kleinian singularities, derived categories and {Hall} algebras},
	FJournal = {Mathematische Annalen},
	Journal = {Math. Ann.},
	ISSN = {0025-5831},
	Volume = {316},
	Number = {3},
	Pages = {565--576},
	Year = {2000},
	Language = {English},
	DOI = {10.1007/s002080050344},
	Keywords = {14C35,14F05,14J17,18E30,17B67},
	zbMATH = {1441724},
	Zbl = {0997.14001}
}
@misc{GG2,
	title={Moduli spaces of framed sheaves on compactified Kleinian singularities}, 
	author={Søren Gammelgaard},
	year={2024},
	eprint={2312.05960},
	archivePrefix={arXiv},
	primaryClass={math.AG}
}

@misc{GG1,
	title={Quiver Varieties and Framed Sheaves on Compactified Kleinian Singularities}, 
	author={Søren Gammelgaard},
	year={2023},
	eprint={2306.09054},
	archivePrefix={arXiv},
	primaryClass={math.AG}
}
@Article{ItoOthers,
	Author = {Ito, Yukari},
	Title = {Gorenstein quotient singularities of monomial type in dimension three},
	FJournal = {Journal of Mathematical Sciences. University of Tokyo},
	Journal = {J. Math. Sci., Tokyo},
	ISSN = {1340-5705},
	Volume = {2},
	Number = {2},
	Pages = {419--440},
	Year = {1995},
	Language = {English},
	Keywords = {14B05,14L30,32S45,14M07,14M17,14M05,14J30,14E15},
	zbMATH = {856928},
	Zbl = {0869.14002}
}
@misc{maiorana1,
	title={Moduli of semistable sheaves as quiver moduli}, 
	author={Andrea Maiorana},
	year={2018},
	eprint={1709.05555},
	archivePrefix={arXiv},
	primaryClass={math.AG}
}
@misc{maiorana2,
	title={Linear data for framed sheaves via exceptional sequences}, 
	author={Andrea Maiorana},
	year={2019},
	eprint={1901.10339},
	archivePrefix={arXiv},
	primaryClass={math.AG}
}
@Article{deCelisSekiya,
	Author = {De Celis, {\'A}lvaro Nolla and Sekiya, Yuhi},
	Title = {Flops and mutations for crepant resolutions of polyhedral singularities},
	FJournal = {The Asian Journal of Mathematics},
	Journal = {Asian J. Math.},
	ISSN = {1093-6106},
	Volume = {21},
	Number = {1},
	Pages = {1--46},
	Year = {2017},
	Language = {English},
	DOI = {10.4310/AJM.2017.v21.n1.a1},
	Keywords = {14E16,16G20},
	zbMATH = {6711987},
	Zbl = {1368.14024}
}
@Article{BKR,
	Author = {Bridgeland, Tom and King, Alastair and Reid, Miles},
	Title = {The {McKay} correspondence as an equivalence of derived categories},
	FJournal = {Journal of the American Mathematical Society},
	Journal = {J. Am. Math. Soc.},
	ISSN = {0894-0347},
	Volume = {14},
	Number = {3},
	Pages = {535--554},
	Year = {2001},
	Language = {English},
	DOI = {10.1090/S0894-0347-01-00368-X},
	Keywords = {14J50,18E30,14E15,19L47,14L30,14J30},
	zbMATH = {1597921},
	Zbl = {0966.14028}
}
@misc{CrawYamagishi,
	title={The Le Bruyn-Procesi theorem and Hilbert schemes}, 
	author={Alastair Craw and Ryo Yamagishi},
	year={2024},
	eprint={2312.08527},
	archivePrefix={arXiv},
	primaryClass={math.AG}
}

@Article{CrawIshii,
	Author = {Craw, Alastair and Ishii, Akira},
	Title = {Flops of {{\(G\)}}-{Hilb} and equivalences of derived categories by variation of {GIT} quotient},
	FJournal = {Duke Mathematical Journal},
	Journal = {Duke Math. J.},
	ISSN = {0012-7094},
	Volume = {124},
	Number = {2},
	Pages = {259--307},
	Year = {2004},
	Language = {English},
	DOI = {10.1215/S0012-7094-04-12422-4},
	Keywords = {14C05,14E15,14F05,18E30,14L24},
	zbMATH = {2108048},
	Zbl = {1082.14009}
}
@misc{nakajimaYusuke,
	title={Variations of GIT quotients and dimer combinatorics for toric compound Du Val singularities}, 
	author={Yusuke Nakajima},
	year={2023},
	eprint={2309.16112},
	archivePrefix={arXiv},
	primaryClass={math.AG}
}

@Article{IshiiItoDeCelis,
	Author = {Ishii, Akira and Ito, Yukari and de Celis, {\'A}lvaro Nolla},
	Title = {On {{\(G/N\)}}-Hilb of {{\(N\)}}-{Hilb}},
	FJournal = {Kyoto Journal of Mathematics},
	Journal = {Kyoto J. Math.},
	ISSN = {2156-2261},
	Volume = {53},
	Number = {1},
	Pages = {91--130},
	Year = {2013},
	Language = {English},
	DOI = {10.1215/21562261-1966080},
	Keywords = {14E16,14C05,14D20,14E15,16G20},
	zbMATH = {6162104},
	Zbl = {1267.14022}
}

@Article{ItoNakajima,
	Author = {Ito, Yukari and Nakajima, Hiraku},
	Title = {{McKay} correspondence and {Hilbert} schemes in dimension three},
	FJournal = {Topology},
	Journal = {Topology},
	ISSN = {0040-9383},
	Volume = {39},
	Number = {6},
	Pages = {1155--1191},
	Year = {2000},
	Language = {English},
	DOI = {10.1016/S0040-9383(99)00003-8},
	Keywords = {14C35,14L30,14C05,14M17,19E08},
	zbMATH = {1526235},
	Zbl = {0995.14001}
}
@article{WemyssSurvey,
	title = {A Lockdown Survey on cDV singularities},
	
	year = {2021},
	
	url = {https://www.maths.gla.ac.uk/~mwemyss/Survey2607.pdf},
	author = {Michael Wemyss},
}
@phdthesis{SteelePhD,
	author = {Kellan Steele},
	title = {The K-theory of (compound) Du Val singularities},
	type = {PhD thesis},
	institution = {University of Glasgow},
	date = {2020},
	OPTurl = {https://theses.gla.ac.uk/81634/19/2020SteelkPhD.pdf},
}

@InCollection{vdBergh,
	Author = {van den Bergh, Michel},
	Title = {Non-commutative crepant resolutions},
	BookTitle = {The legacy of Niels Henrik Abel. Papers from the Abel bicentennial conference, University of Oslo, Oslo, Norway, June 3--8, 2002},
	ISBN = {3-540-43826-2},
	Pages = {749--770},
	Year = {2004},
	Publisher = {Berlin: Springer},
	Language = {English},
	Keywords = {14A22,14E15,16S38,16S50},
	zbMATH = {2157081},
	Zbl = {1082.14005}}


@misc{CrawPaper,
	doi = {10.48550/ARXIV.2109.09565},
	
	url = {https://arxiv.org/abs/2109.09565},
	
	author = {Craw, Alastair},
	
	keywords = {Algebraic Geometry (math.AG), FOS: Mathematics, FOS: Mathematics},
	
	title = {Gale duality and the linearisation map for noncommutative crepant resolutions},
	
	publisher = {arXiv},
	
	year = {2021},
	
	copyright = {arXiv.org perpetual, non-exclusive license}
}
@misc{ito1998mckay,
	title={McKay correspondence and Hilbert schemes in dimension three}, 
	author={Yukari Ito and Hiraku Nakajima},
	year={1998},
	eprint={math/9803120},
	archivePrefix={arXiv},
	primaryClass={math.AG}
}
@misc{deHor,
	author = {{DeHority}, Samuel},
	title = "{Affinizations of Lorentzian Kac-Moody Algebras and Hilbert Schemes of Points on K3 Surfaces}",
	journal = {arXiv e-prints},
	keywords = {Mathematics - Algebraic Geometry, Mathematics - Representation Theory, 17B65 (Primary) 14D21, 14J28, 14F08 (Secondary)},
	year = 2020,
	month = jul,
	eid = {arXiv:2007.04953},
	pages = {arXiv:2007.04953},
	archivePrefix = {arXiv},
	eprint = {2007.04953},
	primaryClass = {math.AG},
	adsurl = {https://ui.adsabs.harvard.edu/abs/2020arXiv200704953D},
	adsnote = {Provided by the SAO/NASA Astrophysics Data System}
}

@article {NakaALE,
	AUTHOR = {Nakajima, Hiraku},
	TITLE = {Sheaves on {ALE} spaces and quiver varieties},
	JOURNAL = {Mosc. Math. J.},
	FJOURNAL = {Moscow Mathematical Journal},
	VOLUME = {7},
	YEAR = {2007},
	NUMBER = {4},
	PAGES = {699--722, 767},
	ISSN = {1609-3321},
	MRCLASS = {14D21 (16G20 53C26)},
	MRNUMBER = {2372210},
	MRREVIEWER = {Helena Ferreira Soares},
	DOI = {10.17323/1609-4514-2007-7-4-699-722},
	URL = {https://doi.org/10.17323/1609-4514-2007-7-4-699-722},
}

@article {BruzzoSala,
	AUTHOR = {Bruzzo, Ugo and Sala, Francesco},
	TITLE = {Framed sheaves on projective stacks},
	NOTE = {With an appendix by Mattia Pedrini},
	JOURNAL = {Adv. Math.},
	FJOURNAL = {Advances in Mathematics},
	VOLUME = {272},
	YEAR = {2015},
	PAGES = {20--95},
	ISSN = {0001-8708},
	MRCLASS = {14D20 (14A20 14F05)},
	MRNUMBER = {3303229},
	MRREVIEWER = {Jon Eivind Vatne},
	DOI = {10.1016/j.aim.2014.11.019},
	URL = {https://doi.org/10.1016/j.aim.2014.11.019},
}
@article {BPSSz,
	AUTHOR = {Bruzzo, Ugo and Pedrini, Mattia and Sala, Francesco and Szabo,
	Richard J.},
	TITLE = {Framed sheaves on root stacks and supersymmetric gauge
	theories on {ALE} spaces},
	JOURNAL = {Adv. Math.},
	FJOURNAL = {Advances in Mathematics},
	VOLUME = {288},
	YEAR = {2016},
	PAGES = {1175--1308},
	ISSN = {0001-8708},
	MRCLASS = {81T60 (14D20 14D21 14J80 81T13)},
	MRNUMBER = {3436408},
	MRREVIEWER = {Shao-Ming Fei},
	DOI = {10.1016/j.aim.2015.11.005},
	URL = {https://doi.org/10.1016/j.aim.2015.11.005},
}
@article {Kuz,
	AUTHOR = {Kuznetsov, Alexander},
	TITLE = {Quiver varieties and {H}ilbert schemes},
	JOURNAL = {Mosc. Math. J.},
	FJOURNAL = {Moscow Mathematical Journal},
	VOLUME = {7},
	YEAR = {2007},
	NUMBER = {4},
	PAGES = {673--697, 767},
	ISSN = {1609-3321},
	MRCLASS = {14D21 (14C05 16G20 53C26)},
	MRNUMBER = {2372209},
	MRREVIEWER = {Roy M. Skjelnes},
	doi= {10.17323/1609-4514-2007-7-4-673-697},
	url = {https://doi.org/10.17323/1609-4514-2007-7-4-673-697},
}
@inproceedings {Nak02,
	AUTHOR = {Nakajima, Hiraku},
	TITLE = {Geometric construction of representations of affine algebras},
	BOOKTITLE = {Proceedings of the {I}nternational {C}ongress of
	{M}athematicians, {V}ol. {I} ({B}eijing, 2002)},
	PAGES = {423--438},
	PUBLISHER = {Higher Ed. Press, Beijing},
	YEAR = {2002},
	MRCLASS = {17B37 (14L30 16G20 33D80)},
	MRNUMBER = {1989196},
	MRREVIEWER = {Alistair Savage},
}
@article {VaVa,
	AUTHOR = {Varagnolo, M. and Vasserot, E.},
	TITLE = {On the {$K$}-theory of the cyclic quiver variety},
	JOURNAL = {Internat. Math. Res. Notices},
	FJOURNAL = {International Mathematics Research Notices},
	YEAR = {1999},
	NUMBER = {18},
	PAGES = {1005--1028},
	ISSN = {1073-7928},
	MRCLASS = {14D20 (17B67 19L47)},
	MRNUMBER = {1722361},
	MRREVIEWER = {Alexander E. Polishchuk},
	doi= {10.1155/S1073792899000525},
	url = {https://doi.org/10.1155/S1073792899000525},
}

@article{Yamagishi,
	author = {Ryo Yamagishi},
	title = {{Singularities of Fano varieties of lines on singular cubic fourfolds}},
	journal = {Journal of the Mathematical Society of Japan},
	publisher = {Mathematical Society of Japan},
	pages = {1 -- 22},
	keywords = {cubic fourfolds, degeneration, symplectic varieties},
	year = {2021},
	doi = {10.2969/jmsj/82688268},
	URL = {https://doi.org/10.2969/jmsj/82688268}
}

@ARTICLE{BelSche,
	author = {{Bellamy}, Gwyn and {Schedler}, Travis},
	title = "{Symplectic resolutions of quiver varieties and character varieties}",
	journal = {arXiv e-prints},
	keywords = {Mathematics - Algebraic Geometry, Mathematics - Representation Theory, 16S80, 17B63},
	year = "2016",
	month = "Jan",
	eid = {arXiv:1602.00164},
	pages = {arXiv:1602.00164},
	archivePrefix = {arXiv},
	eprint = {1602.00164},
	primaryClass = {math.AG},
	adsurl = {https://ui.adsabs.harvard.edu/abs/2016arXiv160200164B},
	adsnote = {Provided by the SAO/NASA Astrophysics Data System}
}
@Article{BS16,
	Author = {Bellamy, Gwyn and Schedler, Travis},
	Title = {Symplectic resolutions of quiver varieties},
	FJournal = {Selecta Mathematica. New Series},
	Journal = {Sel. Math., New Ser.},
	ISSN = {1022-1824},
	Volume = {27},
	Number = {3},
	Pages = {50},
	Note = {Id/No 36},
	Year = {2021},
	Language = {English},
	DOI = {10.1007/s00029-021-00647-0},
	Keywords = {16G20,17B63,14L24,53D30,16S80},
	zbMATH = {7364077},
	Zbl = {1492.16012}
}


@article{CGGS,
	%shorthand = {CGGS},
	title={Punctual {Hilbert} schemes for {Kleinian} singularities},
	author={Alastair Craw and S{\o}ren Gammelgaard and \'{A}d\'{a}m Gyenge and Bal\'{a}zs Szendr\H{o}i},
	year={2021},
	journal = {Algebraic Geometry},
	VOLUME = {8},
	NUMBER = {6},
	PAGES = {680-704},
	URL = {http://content.algebraicgeometry.nl/2021-6/2021-6-021.pdf},
	DOI={10.14231/AG-2021-021}
}

@article {CIK,
	AUTHOR = {Craw, Alastair and Ito, Yukari and Karmazyn, Joseph},
	TITLE = {Multigraded linear series and recollement},
	JOURNAL = {Math. Z.},
	FJOURNAL = {Mathematische Zeitschrift},
	VOLUME = {289},
	YEAR = {2018},
	NUMBER = {1-2},
	PAGES = {535--565},
	ISSN = {0025-5874},
	MRCLASS = {14A22 (14E16 16G20 18F30)},
	MRNUMBER = {3803802},
	MRREVIEWER = {G.-S. Zhou},
	DOI = {10.1007/s00209-017-1965-1},
	URL = {https://doi.org/10.1007/s00209-017-1965-1},
}
@article{CGGS2,
	title={Quot schemes for {Kleinian} orbifolds}, 
	author={Alastair Craw and S{\o}ren Gammelgaard and \'{A}d\'{a}m Gyenge and Bal\'{a}zs Szendr\H{o}i},
	year={2021},
	journal = {SIGMA: Symmetry, Integrability and Geometry: Methods and Applications},
	volume = {17},
	number = {99},
	url = {http://sigma-journal.com/2021/099/sigma21-099.pdf}
}

@article {BD85,
	AUTHOR = {Beauville, Arnaud and Donagi, Ron},
	TITLE = {La vari\'{e}t\'{e} des droites d'une hypersurface cubique de dimension
	{$4$}},
	JOURNAL = {C. R. Acad. Sci. Paris S\'{e}r. I Math.},
	FJOURNAL = {Comptes Rendus des S\'{e}ances de l'Acad\'{e}mie des Sciences. S\'{e}rie
	I. Math\'{e}matique},
	VOLUME = {301},
	YEAR = {1985},
	NUMBER = {14},
	PAGES = {703--706},
	ISSN = {0249-6291},
	MRCLASS = {14J35 (14C30)},
	MRNUMBER = {818549},
	MRREVIEWER = {Fabio Bardelli},
}